4442 5898
982 1007 1554 1118 EPlsToLn

808 1189 1155 1328 trocinirunque
1187 1190 1427 1320 reciperet.
1470 1195 1741 1327 quodcum

804 1348 866 1448 ab
889 1349 976 1450 illo
1002 1348 1334 1485 impetraviffet
1351 1351 1608 1459 adcedente
1631 1393 1743 1494 ptae·

803 1501 960 1609 sertim
979 1511 1200 1616 consensu
1212 1545 1355 1648 atque
1368 1513 1586 1643 permissu
1595 1521 1745 1660 Regis

804 1697 983 1802 magnae
1001 1674 1283 1796 Britanniae,
1315 1679 1444 1805 cujus
1471 1676 1519 1772 in
1534 1673 1739 1808 'imperio

804 1824 949 1928 frater
970 1863 1101 1950 etat,
1132 1870 1229 1936 non
1254 1837 1510 1938 mediocres
1528 1840 1747 1944 utilitates

808 1982 855 2083 se
882 1975 1150 2095 hominibus
1189 2001 1338 2134 gentis
1368 1995 1562 2116 vestrm,
1595 1994 1746 2106 fratris

806 2156 901 2252 mei
920 2188 1086 2286 opera,
1105 2158 1302 2260 attuh'ffe
1312 2173 1331 2280 3
1349 2191 1434 2258 nec
1451 2157 1497 2258 se
1513 2148 1653 2263 animi
1671 2171 1744 2298 ju·

807 2309 1041 2450 diciique,
1060 2324 1192 2457 quod
1212 2323 1273 2422 de
1293 2327 1389 2454 ejus
1401 2318 1668 2456 diligentia,
1685 2323 1744 2425 fi·

809 2485 898 2598 de,
918 2484 1181 2622 integritate
1203 2483 1744 2617 praessantiquedoiitina
1772 2463 1774 2470 ¹

765 2733 768 2739 ,
810 2668 1113 2774 conceperat,
1132 2681 1182 2746 te
1199 2645 1297 2777 ipsa
1316 2645 1563 2778 cognovit,
1578 2679 1744 2780 exper-

809 2805 976 2940 tusque
993 2807 1070 2907 est.
1106 2808 1384 2910 Triennium
1399 2807 1449 2905 in
1469 2839 1530 2906 eo
1553 2839 1746 2910 munere

808 2970 1011 3073 versatus
1032 2969 1172 3070 frater
1183 3003 1291 3069 cum
1301 2965 1433 3084 effet,
1471 2968 1598 3069 diem
1607 2967 1740 3072 suum
1818 3001 1824 3012 ·

809 3130 955 3246 obiit,
981 3132 1190 3228 maximo
1203 3194 1220 3245 ,
1239 3153 1292 3224 ut
1309 3127 1496 3254 accepi,
1529 3124 1739 3228 Illusttis·

808 3288 908 3390 fimi
931 3290 1095 3423 Legati
1106 3279 1124 3405 ,'
1158 3290 1242 3419 qni
1252 3287 1383 3383 illum
1394 3282 1570 3388 summe
1579 3290 1741 3426 dilige-

807 3449 914 3568 bat,
930 3463 978 3553 &
990 3451 1198 3549 omnium
1220 3448 1449 3548 bonorum
1458 3448 1632 3549 dolore.
1651 3451 1742 3552 Me

809 3612 1004 3748 quidem
1026 3641 1133 3709 cum
1151 3609 1231 3710 iile
1247 3605 1374 3710 casus
1393 3607 1526 3741 supra
1545 3613 1739 3711 modum

810 3770 1082 3890 affinium,
1108 3800 1163 3873 ut
1191 3767 1365 3870 necesse
1389 3797 1522 3886 erat,
1549 3772 1739 3872 intanta

809 3933 1738 4063 naturae‚studiorum,rerumqueomnium
1880 3981 1885 3990 ·

808 4094 1157 4225 conjunstione3
1189 4097 1361 4196 nonita
1382 4125 1535 4197 tumen
1556 4123 1633 4192 me
1650 4092 1737 4193 do·

806 4255 996 4358 mestica
1009 4257 1219 4389 jaeiurav,
1250 4289 1390 4388 quarn
1416 4253 1603 4388 publica
1632 4254 1735 4356 lite-
1789 4289 1793 4298 ·

804 4452 993 4538 ratum,
1026 4420 1331 4556 inprimisque
1353 4418 1735 4556 Jurisprudentiae

809 4583 1044 4689 calamitas
1065 4611 1255 4717 accepta
1285 4587 1447 4692 movit.
1517 4587 1589 4690 Ut
1607 4583 1732 4680 enim

1614 4737 1734 4858 nihil
