4436 5904
794 865 863 947 228
976 863 1238 944 Ater-:mer
1264 859 1556 938 Gerra-ms

634 1004 734 1066 fater
749 1024 771 1064 ι.
786 1011 946 1068 errorem
964 987 1063 1090 poffe
1091 991 1112 1064 a
1133 987 1257 1086 judice
1275 1015 1287 1075 ς
1312 984 1516 1085 fquoniam
1543 979 1721 1062 sententia

630 1083 697 1154 “”fi
709 1099 755 1155 90·
786 1090 886 1165 nulla
906 1091 1036 1189 corrigi
1057 1109 1119 1164 aut
1135 1089 1325 1163 'emendari
1341 1085 1499 1182 ajudice
1518 1105 1587 1158 nec
1599 1084 1720 1161 statim

785 1183 918 1290 potest-¹
962 1181 1149 1268 Sententia
1165 1185 1376 1274 definitiva,
1399 1181 1574 1284 quaehaec
1589 1182 1642 1297 eii
1654 1207 1721 1281 pro

786 1309 888 1366 certo
916 1315 924 1363 :
960 1307 1031 1388 qua
1062 1308 1179 1363 totum
1209 1287 1406 1386 negotium
1436 1283 1488 1360 est
1514 1280 1720 1362 definttum.

785 1387 890 1490 Qid
909 1407 989 1468 tunt
1001 1388 1036 1461 .s1
1056 1414 1133 1463 non
1155 1386 1195 1460 srt
1213 1389 1282 1462 lata
1298 1383 1527 1486 solemniter?
1549 1383 1723 1458 solemni·

786 1504 839 1564 tas
861 1513 940 1563 non
957 1507 1075 1567 mutat
1088 1489 1134 1570 de
1152 1483 1312 1564 essentia.
1362 1479 1434 1559 Sed
1454 1505 1534 1560 non
1559 1482 1718 1559 adhibita

785 1586 896 1676 facit,
920 1587 1046 1664 astum
1066 1610 1143 1664 non
1162 1586 1294 1666 valere.
1326 1581 1375 1660 Et
1393 1581 1440 1660 src
1463 1581 1529 1660 ista
1546 1573 1722 1660 sententia

786 1686 840 1762 est
853 1687 952 1764 nulla
963 1691 1074 1771 etiam
1084 1711 1128 1763 ex
1139 1689 1213 1762 hoc
1229 1680 1498 1784 capiteomissae
1508 1680 1720 1758 solemnita-

786 1789 843 1864 tis.
870 1787 919 1864 Et
931 1811 1001 1864 nec
1015 1787 1058 1861 ad
1070 1789 1167 1886 prius
1184 1785 1425 1884 distinguatur
1435 1785 1526 1858 mihi
1539 1783 1587 1859 de
1596 1781 1721 1882 judice

787 1886 975 1966 ordinario
997 1887 1218 1986 &delegato
1247 1911 1256 1959 :
1280 1882 1377 1984 quast
1394 1882 1489 1959 solus
1506 1882 1571 1959 iste
1590 1906 1722 1959 emen·

785 1986 874 2063 dare
891 2008 1048 2088 nequeat
1072 1989 1276 2063 nullitatem
1298 1983 1486 2061 sententiae
1505 1983 1590 2060 suae.
1612 1981 1719 2060 Nam

784 2085 991 2166 ordinarius
1012 2085 1038 2163 fi
1057 2085 1173 2187 potest
1187 2088 1317 2161 iterum
1333 2085 1522 2182 judicare,
1547 2106 1724 2183 nonpro·

813 2205 908 2263 terea
929 2187 1050 2284 potest
1065 2183 1261 2262 emendare
1278 2182 1493 2262 sententiam
1515 2181 1616 2261 suam
1637 2185 1722 2260 nul·

785 2207 874 2360 iarn.
923 2285 1061 2369 Iudicet
1081 2287 1216 2363 iterum
1242 2285 1454 2387 (petimus)
1481 2281 1719 2361 idemludex.

787 2381 864 2460 Sed
875 2385 1103 2464 idemaudiat
1119 2410 1210 2480 nos;
1229 2387 1404 2486 patiatur,
1427 2385 1462 2460 se
1472 2384 1601 2465 instrui
1618 2405 1630 2457 .·
1647 2403 1720 2461 tra·

787 2482 852 2562 dat
867 2491 977 2566 nobis
997 2489 1143 2588 copiam
1159 2485 1304 2564 testium
1321 2483 1602 2564 adversariorum
1619 2513 1638 2578 3
1664 2485 1722 2560 vi·

638 2589 776 2670 evolare·
790 2582 873 2663 deat
890 2588 1122 2688 ¹probationes
1140 2586 1291 2664 nostras.
1312 2583 1400 2662 gaut
1415 2585 1554 2662 dicetur
1576 2593 1722 2670 senten·

634 2665 755 2744 ΜΝ·
790 2687 839 2762 tia
858 2688 928 2764 lata
947 2688 964 2788 (
973 2689 1014 2766 δε
1034 2690 1070 2763 id
1089 2689 1150 2766 hic
1167 2686 1325 2764 dicimus
1341 2685 1388 2762 de
1400 2688 1477 2786 jam
1497 2688 1591 2780 lata)
1619 2683 1722 2761 festi·

791 2805 921 2863 nanter
949 2787 1145 2887 :adeoque
1180 2788 1196 2886 (
1229 2787 1307 2864 uod
1334 2785 1430 2862 aliud
1451 2805 1557 2889 caput
1575 2787 1722 2862 nullita-

635 2875 748 3005 ξίν·
791 2887 860 2994 tis)
889 2887 997 2974 nulia.
1040 2887 1183 2964 uindex
1200 2811 1289 2966 ieter
1311 2911 1382 2967 rem
1405 2884 1502 2988 plena
1525 2883 1722 2991 iuqufiu'one

662 2949 701 3024 ”fi
711 2963 757 3023 ⁷⁷·
787 2984 957 3086 discretum
978 3007 1092 3086 partes
1101 2993 1294 3092 interrogare
1298 2990 1446 3090 saepr‘ue,
1467 3013 1550 3066 Μ
1568 2990 1646 3094 ΨΜ
1660 3014 1723 3068 '²⁰'

787 3091 826 3166 u·
843 3089 921 3168 addi
934 3087 1125 3184 destrictum
1146 3115 1221 3196 quae
1234 3117 1299 3170 non
1309 3089 1422 3190 filum
1436 3117 1501 3170 noo
1515 3095 1597 3186 ferit
1613 3090 1720 3168 ludex

788 3194 811 3280 (
820 3190 952 3288 loquor
971 3193 1082 3269 verba
1099 3191 1284 3293 Cephali)
1300 3193 1366 3290 sed
1376 3218 1438 3269 nee
1463 3215 1597 3296 rogatus
1617 3191 1723 3270 voluit

790 3289 912 3373 nudico
924 3311 1065 3392 tempora
1082 3291 1278 3396 exputare,
1307 3315 1348 3370 ut
1361 3295 1409 3370 de
1425 3293 1514 3371 estis
1532 3293 1722 3396 postremis

790 3392 906 3470 nostri
921 3400 1163 3493 procuratoris
1180 3411 1341 3496 apparet.
1385 3393 1517 3473 Forsan
1534 3417 1625 3470 vero
1643 3419 1723 3472 nou

787 3509 891 3582 erat,
914 3495 1225 3584 curaudiretnos‚
1248 3494 1309 3592 qui
1320 3491 1367 3570 de
1376 3493 1653 3595 sumptibuslitis
1664 3519 1721 3572 re·

787 3589 949 3668 tinendis
959 3639 974 3676 ‚
997 3593 1042 3669 de
1058 3595 1331 3670 contributione
1348 3618 1435 3671 cum
1453 3594 1649 3694 deperditis¹
1664 3594 1720 3672 fa·

787 3689 942 3780 cienda,
967 3691 1013 3768 de
1031 3693 1086 3768 his
1099 3693 1191 3769 ooo
1201 3691 1297 3772 cistis
1317 3717 1393 3770 non
1403 3695 1587 3773 tradendis
1598 3693 1720 3786 hosti,

789 3788 837 3865 de
855 3792 930 3868 aliis
948 3791 1125 3870 habemus
1144 3793 1283 3870 former
1300 3793 1433 3876 dicere.
1480 3793 1610 3896 Qid?
1635 3793 1719 3871 Ab·

782 3888 1191 3968 straftahaecbooasrnt
1203 3893 1429 3971 Hoiiandico
1448 3895 1620 3987 tentavi,
1639 3915 1718 3974 tan·

786 3990 834 4064 tis
852 3988 1074 4088 sumptibus,
1102 3996 1210 4070 tantis
1226 3993 1408 4070 laboribus
1426 4041 1440 4085 ‚
1465 3995 1651 4073 &eadem
1673 4020 1716 4073 o·

787 4092 892 4164 mnia
901 4109 974 4170 tam
987 4091 1091 4165 nullo
1102 4095 1257 4192 negotio
1277 4093 1507 4171 restituentur
1515 4095 1634 4172 eidem
1644 4096 1716 4173 ho·

788 4183 858 4264 sti?
882 4187 980 4286 Petit
1001 4189 1185 4292 Legamus,
1201 4192 1262 4288 jus
1283 4191 1348 4268 srbi
1364 4193 1441 4272 fieri
1457 4214 1584 4271 contra
1598 4194 1717 4272 subdi-

788 4291 973 4388 tumregis
987 4289 1051 4364 sui.
1081 4289 1194 4367 Hanc
1203 4295 1452 4392 exceptionem
1461 4293 1620 4394 opponit
1628 4318 1716 4373 exe·

786 4389 930 4466 cutioni
947 4391 1053 4488 hujus
1064 4391 1256 4468 'sententiat
1274 4393 1389 4470 nihili.
1438 4393 1564 4472 Nihili
1571 4394 1716 4472 senten.-

639 4495 769 4553 iveta·
784 4489 869 4571 tia:
901 4490 1013 4591 iquat
1038 4515 1109 4573 nec
1135 4495 1342 4572 executioni
1373 4494 1551 4578 mittenda
1585 4514 1715 4575 contra

632 4569 701 4646 {anfi
714 4569 776 4633 108.
1302 4645 1305 4651 ¹
1593 4596 1711 4697 ipsum
