4474 5908
795 970 870 1074 238
983 961 1262 1046 Anunrtrct
1288 961 1556 1047 Grumum

792 1089 1102 1183 mensurationem
1115 1092 1320 1194 accipietur.
1342 1088 1441 1198 Qae
1449 1087 1728 1189 Odosredun&

791 1218 1016 1299 contraquae
1026 1193 1191 1282 Decius,
1205 1191 1729 1294 quodindubiononfitroce·

793 1297 957 1379 dendum
971 1293 1259 1373 dverbisliterae.
1281 1293 1403 1388 Item,
1425 1296 1528 1397 quod
1543 1311 1733 1400 eertaparr

793 1423 862 1518 pro
871 1395 1030 1478 indiviso
1039 1392 1157 1498 potest
1165 1399 1344 1489 alienari,
1366 1399 1509 1476 ratione
1527 1417 1651 1502 quotae
1662 1423 1732 1500 pro

791 1497 954 1578 indiviso
1060 1497 1167 1574 deri:
1190 1503 1281 1575 item
1299 1501 1439 1577 ratione
1456 1499 1541 1578 loci.
1564 1499 1732 1580 Cumest

758 1677 766 1690 ,
792 1602 942 1678 omnim
995 1599 1252 1686 uincentitudo
1274 1599 1599 1703 utroquerespestu
1618 1601 1661 1681 δι
1678 1603 1735 1680 Ιο-

792 1702 858 1792 ci,
880 1699 924 1779 dt
941 1721 1092 1804 quone,
1114 1717 1198 1777 turn
1216 1701 1334 1801 potest
1350 1701 1425 1779 esse
1439 1726 1568 1780 verum
1583 1700 1729 1780 didiutn

792 1797 933 1880 Battoii
958 1829 968 1878 ε
990 1801 1092 1879 secun
1112 1798 1139 1876 sr
1157 1800 1377 1880 incertitudo
1395 1824 1539 1883 tuntum
1566 1799 1730 1908 tespestu

791 1899 949 1980 alterius.
1001 1900 1051 1979 Et
1066 1900 1233 1980 Burtolus
1251 1904 1339 1980 dicit
1359 1908 1455 1984 maie
1473 1907 1655 1985 incertum
1672 1926 1730 1981 ra·

791 2002 898 2079 tione
920 2018 1049 2104 quotae
1073 2025 1204 2079 remum
1231 2002 1361 2082 tabulas
1424 2004 1498 2084 Sed
1515 2007 1557 2084 δε
1584 2008 1626 2083 i‘n
1649 2005 1731 2082 sen·

790 2103 947 2180 tentiam
958 2099 1329 2191 Odosredieffertur,
1352 2107 1453 2202 quod
1469 2104 1731 2180 cleutirteeon·

789 2200 907 2278 ssituti
924 2201 1000 2278 hoc
1018 2197 1099 2278 cusu
1126 2226 1204 2280 non
1222 2203 1388 2281 videatur
1404 2197 1621 2278 transtulisse
1644 2197 1730 2300 pos·

789 2299 1013 2392 sessionem,
1046 2324 1118 2379 nec
1134 2303 1346 2380 dominium
1366 2353 1380 2392 ,
1407 2323 1493 2378 nom
1510 2299 1730 2401 intelligenti

788 2399 993 2480 secundum
1014 2425 1181 2480 naturum
1205 2400 1416 2481 contractus
1436 2399 1620 2500 purificata
1637 2417 1727 2479 cou-

789 2499 936 2578 ditione
963 2529 971 2574 :
1004 2505 1064 2578 cui
1093 2505 1178 2578 iicet
1206 2503 1372 2602 derogari
1395 2522 1532 2578 nuturae
1556 2498 1661 2602 poflit
1680 2501 1726 2581 de

787 2602 978 2678 voluntate
1004 2605 1200 2702 partium,
1234 2623 1360 2678 tamen
1389 2603 1426 2676 id
1445 2599 1492 2676 fic
1518 2601 1604 2692 est,
1635 2623 1726 2680 cum

786 2701 1024 2802 expressefit‚
1050 2727 1128 2780 non
1149 2699 1392 2803 fifimplteiter
1410 2703 1557 2800 ponitur
1571 2699 1728 2782 clausula

788 2804 977 2880 constituti
1002 2825 1015 2876 .·
1042 2825 1111 2880 nec
1129 2805 1232 2878 eninr
1251 2804 1430 2903 generalis
1451 2799 1725 2881 clausuludero·

634 2895 751 2988 Μὴ*
791 2925 851 3005 get
883 2902 1092 2980 conditioni
1119 2927 1165 2979 ex
1194 2924 1319 2981 natura
1349 2901 1568 2980 contradus.
1627 2899 1723 2981 Item

630 2971 777 3108 zm*
792 3027 863 3081 nec
872 3023 1042 3103 operetur
1055 3004 1213 3080 clausule
1228 3003 1440 3090 constituti,
1459 3006 1523 3080 ubi
1541 3004 1724 3082 incertum
1821 3051 1825 3060 ·

631 3126 705 3183 Dur
713 3143 774 3200 aeq.
790 3105 846 3182 est
864 3108 1002 3182 rarione
1021 3105 1092 3180 loci
1113 3104 1153 3181 ἃ
1173 3128 1298 3203 quotae
1319 3131 1325 3176 :
1354 3124 1392 3180 ut
1405 3106 1465 3180 hic
1479 3103 1542 3181 est.
1565 3101 1615 3180 Et
1629 3125 1723 3182 con·

632 3197 773 3290 Μῶα·
792 3207 932 3284 trniraec
945 3225 1067 3281 tomen
1079 3203 1218 3282 Decius
1242 3233 1248 3276 :
1274 3203 1389 3305 quod,
1405 3201 1723 3296 etfieaverasrtrt,

631 3276 778 3422 2233,
790 3331 875 3406 quae
892 3303 939 3380 de
949 3303 1155 3382 constituto
1175 3303 1274 3384 oreta
1292 3307 1371 3382 sum
1397 3354 1410 3393 ‚
1433 3305 1582 3384 traditio
1598 3323 1723 3382 tumen

634 3425 772 3512 ¹·.⁰·.³⁶'³
788 3429 845 3484 ex·
861 3405 1063 3485 constituto
1088 3427 1256 3506 operatur
1274 3405 1452 3482 effeuum
1482 3401 1722 3483 mensuratio-

632 3500 732 3561 vanus.
790 3510 872 3596 nis,
896 3528 935 3585 ut
944 3501 1148 3606 periculum
1163 3504 1314 3584 transeut
1333 3509 1372 3584 dt
1394 3506 1559 3582 venditio
1580 3503 1621 3581 fit
1640 3528 1721 3604 per·

789 3606 910 3698 festae
934 3630 1012 3684 non
1055 3607 1246 3683 uodtacita
1260 3607 1427 3686 conditio
1444 3604 1722 3685 mensurationis

788 3709 969 3797 tollatur,
991 3703 1014 3782 s
1074 3731 1141 3809 per
1157 3707 1393 3787 traditionem
1421 3705 1549 3784 fortius
1567 3707 1722 3806 inplea-

788 3828 849 3886 tur
864 3805 1023 3885 edesius
1043 3855 1058 3901 ,
1081 3808 1145 3909 qui
1161 3831 1207 3886 ex
1225 3807 1497 3888 mensuratione
1516 3805 1720 3886 inducitur:

632 3910 730 3971 M*
748 3925 772 4002 „⁶
789 3933 876 3987 nam
887 3905 983 3985 factu
991 3905 1187 3987 traditione
1204 3907 1631 3987 tmnssatumdotniniutn
1642 3907 1718 4003 est3

631 3999 769 4134 ut

631 4151 779 4269 :mm
790 4235 872 4291 non
897 4131 1212 4291 sadiuepetmditione
1237 4257 1253 4305 ,
1281 4211 1462 4292 transfert.
1476 4155 1676 4312 peric’ulum
1708 4234 1720 4286 t

632 4296 691 4343 ‘'¹''
790 4315 878 4414 quit
893 4333 957 4414 per
977 4333 1060 4393 earn
1083 4329 1227 4414 apparet
1252 4311 1300 4392 de
1326 4310 1440 4414 specie
1471 4309 1646 4389 vendita:
1675 4309 1717 4389 dt

788 4415 841 4491 rei
862 4410 1023 4492 venditae
1042 4415 1082 4493 in
1098 4413 1244 4516 specie,
1267 4415 1352 4495 licet
1369 4435 1447 4492 uon
1464 4411 1626 4495 tranire,
1646 4408 1717 4489 stu·

792 4515 861 4591 tim
877 4513 929 4590 est
946 4513 1151 4614 periculum
1170 4518 1347 4616 emptoris
1372 4542 1379 4592 :
1408 4515 1523 4613 major
1539 4533 1660 4590 autem
1675 4509 1716 4589 fit

789 4611 1028 4713 perennet
1044 4615 1275 4697 urnssmom
1290 4615 1450 4700 dominii
1468 4669 1484 4716 ,
1513 4634 1716 4798 quaffl
