4442 5898
974 931 1544 1046 EPISTOLA

790 1111 918 1220 Nam
936 1113 1108 1219 teliffis
1123 1113 1441 1249 compluribus
1458 1119 1635 1257 dejure
1655 1117 1721 1220 ci·

789 1279 878 1384 vili
906 1277 1284 1395 commentariis,
1315 1305 1425 1378 cum
1458 1311 1540 1380 eos
1565 1308 1726 1381 omnes

789 1433 1021 1576 supprimi
1047 1437 1126 1544 vel
1151 1435 1328 1540 aboleri
1351 1433 1569 1573 jussiffet,
1598 1438 1725 1546 hunc

794 1599 944 1706 sol-um
962 1601 1175 1733 excepit,
1207 1629 1376 1732 quem,
1398 1598 1530 1734 quod
1552 1600 1729 1725 minus,

796 1794 942 1901 quam
951 1758 1126 1878 caeteri,
1144 1753 1728 1892 imperfe'ihtsmusque

794 1917 1042 2055 impolitus
1070 1909 1181 2020 esset
1202 1920 1303 2032 „in
1325 1913 1480 2018 lucem
1504 1920 1628 2018 ime
1648 1907 1730 2017 edi

798 2075 964 2180 voluit.
1000 2073 1229 2175 Continet
1246 2100 1402 2181 autem
1414 2071 1493 2173 hic
1510 2069 1730 2174 liberdis-

796 2235 1082 2369 ceptationes
1108 2265 1266 2338 earum
1293 2229 1729 2370 controversiarum,

798 2427 917 2533 quas
944 2395 994 2492 in
1021 2426 1166 2530 regno
1199 2390 1381 2526 Angliae
1406 2387 1615 2526 Hispani
1629 2390 1729 2493 alii·

800 2586 896 2690 que
934 2553 1123 2658 Cathol.
1151 2548 1332 2686 Majest.
1382 2549 1590 2674 subditi,
1621 2583 1730 2655 cum

797 2715 1000 2818 externis
1020 2709 1182 2818 &fere
1203 2709 1462 2812 Hoilandis·
1476 2713 1730 2862 agitavere,

801 2905 864 2975 ex
880 2907 941 2975 eo
957 2899 1203 3006 tempore,
1232 2907 1331 3011 quo
1351 2867 1662 2974 Sereniffimus
1681 2881 1730 2973 δε

805 3029 1164 3166 sapientisfimus
1174 3033 1287 3133 Rex
1298 3028 1502 3165 Jacobus
1517 3029 1555 3129 1.
1566 3027 1732 3133 floren·

798 3191 961 3294 tiffimi
977 3191 1099 3291 illius
1118 3191 1248 3326 regni
1259 3183 1583 3318 poffeffionem
1601 3223 1731 3292 acce·

798 3354 885 3484 pit.
930 3351 982 3454 N
987 3383 1063 3452 am
1081 3381 1200 3484 pace
1217 3380 1326 3450 cum
1345 3346 1565 3480 Hispanis
1585 3349 1703 3453 faita
1711 3443 1733 3497 ‚

624 3549 627 3556 ·
796 3511 1022 3646 initisque
1039 3508 1331 3630 foederibus,
1363 3543 1472 3612 cum
1489 3503 1615 3648 quafi
1632 3545 1731 3614 me·

800 3673 908 3772 dius
917 3673 1204 3806 interjeiius,
1221 3673 1339 3772 inter
1348 3673 1459 3772 duas
1465 3699 1621 3810 gentes
1632 3673 1729 3776 bel·

799 3830 851 3931 lo
867 3831 1128 3969 graviffimo
1141 3869 1196 3936 ac
1206 3867 1326 3968 pene
1348 3835 1628 3939 interneciuo
1639 3834 1730 3940 dis·

795 3986 1029 4116 fiden‘tes‚
1056 3997 1242 4129 utrique
1273 4024 1425 4114 tamen
1442 4000 1648 4117 amicus,
1679 4008 1728 4100 &

795 4141 1048 4258 foederatus
1059 4152 1195 4276 effet,
1226 4192 1320 4261 non
1329 4164 1511 4296 potuit,
1542 4160 1727 4298 quinde

797 4316 1115 4462 controversiis
1135 4350 1327 4454 quoque
1344 4355 1530 4444 earum,
1565 4350 1728 4454 quere.

796 4473 979 4611 lisque,
1012 4511 1125 4609 quas
1143 4483 1205 4583 ad
1222 4479 1316 4585 sese
1344 4481 1638 4602 detulissent,
1668 4513 1726 4578 τε·

1628 4673 1728 4782 quo
