4442 5898
599 1015 1284 1126 DEDICATORIA.

482 1231 580 1333 quo
601 1203 704 1331 jure
724 1185 970 1334 disceptui
992 1227 1232 1334 pateretur.
1299 1198 1402 1300 Nec
1616 1305 1618 1314 ,

476 1354 664 1485 privatae
675 1349 928 1454 inaecaussae
940 1384 1099 1453 omnes
1111 1357 1217 1474 ,vel
1235 1355 1293 1454 ad
1303 1354 1398 1484 pri·

477 1537 608 1612 vatos
616 1511 763 1612 modo
774 1513 1054 1644 pertinentes
1060 1578 1078 1631 ‚
1103 1511 1401 1644 sedquaedam

475 1695 615 1772 etiam
633 1666 862 1802 publicae,
889 1671 1063 1802 dejure
1081 1671 1221 1789 belli,
1253 1671 1314 1772 de
1323 1675 1398 1801 ju·

475 1859 790 1964 tureguorum
810 1859 866 1927 ac
885 1823 1113 1928 foederum
1132 1851 1272 1927 erant.
1327 1827 1400 1925 O·

480 1991 660 2090 mnium
670 2018 824 2092 autem
833 2019 966 2108 cura,
985 2020 1040 2088 ac
1057 1987 1403 2116 solicitudovpro

483 2147 712 2284 Hispanis
730 2146 823 2250 suis
843 2147 1087 2250 necessario
1113 2145 1412 2250 incumbebat-

479 2309 560 2426 εἰ,
593 2309 676 2439 qui
694 2305 781 2406 illo
799 2333 1008 2437 tempore
1035 2304 1085 2403 in
1111 2303 1279 2438 Angiia
1307 2304 1412 2405 Ca..

477 2462 595 2567 thoi
650 2463 800 2600 Regis
817 2461 954 2564 vestri
973 2462 1158 2560 nomine
1179 2461 1403 2597 Legatum

476 2621 653 2758 agebat.
684 2617 848 2722 Istum
867 2646 963 2721 erat
981 2618 1162 2756 gentilis
1177 2645 1306 2737 tuus,
1338 2619 1404 2719 11-

335 2901 338 2910 ,
476 2778 756 2884 lustrissunus
782 2791 830 2890 &
858 2775 1268 2879 Excellentiffimus
1285 2780 1397 2884 Don

390 3018 397 3032 .
481 2937 934 3057 PetrusdeZunica‚
965 2936 1402 3069 virsuprasplendo·

481 3133 581 3200 rem
595 3100 843 3219 natalium,
867 3131 965 3232 quo
972 3096 1254 3232 principibus
1262 3103 1406 3201 totius

480 3258 721 3393 Hispaniae
750 3255 938 3360 familiis
966 3259 1110 3363 vestra
1140 3290 1404 3362 annumera-

481 3448 582 3535 tur,
614 3418 829 3520 maximis
847 3416 1106 3550 quibusque
1122 3418 1172 3515 in
1191 3418 1396 3552 Republ.

482 3580 756 3683 muneribus*
772 3575 1202 3696 exercitatiffimus‚
1233 3577 1403 3684 adhoc

483 3742 653 3844 virtute
678 3808 697 3861 ‚
727 3739 1008 3873 prudentia,
1040 3733 1375 3872 magnificentia
1382 3794 1402 3849 2

483 3929 625 4033 atque
662 3897 943 4000 humanitate
968 3896 1177 4029 inprimis
1208 3896 1402 4034 insignis.

484 4056 628 4160 Abeo
637 4055 891 4190 appellatus
901 4053 1170 4156 fratermeus
1179 4053 1404 4157 humanis·

303 4315 308 4332 x
485 4214 596 4315 sune
616 4212 728 4334 fuit,
759 4247 812 4318 ut
827 4215 1035 4316 omnium
1052 4212 1257 4331 illarum,
1289 4249 1402 4350 quas

485 4367 611 4494 dixi,
644 4371 890 4475 cauffarum
904 4375 1251 4476 advocationem
1269 4372 1396 4474 inse-

496 4530 569 4650 se,
599 4531 856 4637 honorifico
865 4535 1024 4635 salario
1033 4531 1280 4636 constituto
1286 4599 1304 4654 ,
1323 4565 1405 4668 pa·

1001 4693 1092 4816 *3
1158 4755 1162 4764 ·
1321 4715 1413 4794 tro·
